@Book{PMBOK,
title = {A Guide to the Project Management Body of Knowledge},
publisher = {Project Management Institute},
year = {2003},
}
@Manual{GPGC,
title = {Guía práctica de gestión de configuración},
author = {Laboratorio Nacional de Calidad del Software},
organization = {INTECO},
year = {2008},
}

@Misc{InformeSalarios,
title = {Informe empleo informática},
author = {tecnoempleo.com},
howpublished = "\url{http://www.tecnoempleo.com/informe-empleo-informatica.php}",
year = {2015 (consultado o 23 de Xuño)}, 
}

@Misc{TabCotizacion,
title = {Bases y tipos de cotización 2015},
author = {Seguridad Social},
howpublished = "\url{http://www.seg-social.es/Internet_1/Trabajadores/CotizacionRecaudaci10777/Basesytiposdecotiza36537/index.htm}",
year = {2015 (consultado o 23 de Xuño)}, 
}

@Misc{BOEConvenio,
title = {XVI CONVENIO COLECTIVO ESTATAL DE EMPRESAS DE CONSULTORÍA Y ESTUDIOS
DE MERCADOS Y DE LA OPINIÓN PÚBLICA},
author = {Ministerio de traballo e inmigración},
howpublished = "\url{http://www.boe.es/boe/dias/2009/04/04/pdfs/BOE-A-2009-5688.pdf}",
year = {2009}, 
}

@Misc{Lei27/14,
titel = {Lei 27/2014, do 27 de novembro, do imposto sobre sociedades},
author = {Xefatura do estado},
howpublished = "\url{https://www.boe.es/boe_gallego/dias/2014/11/28/pdfs/BOE-A-2014-12328-G.pdf}",
year = {2014},
}
